@article{DiffuseInterface,
    AUTHOR="Ricardo H. Nochetto and Abner J. Saldago and Ignacio Tomas",
    TITLE="A diffuse interface model for two-phase ferrofluid flows",
    JOURNAL="Computer Methods in Applied Mechanics and Engineering",
    YEAR="2016",
    PAGES="497--531",
    VOLUME="309"
}

@misc{DealII,
	author = {W. Bangerth and T. Heister and G. Kanschat},
	title = {Deal.II Differential Equations Analysis Library, Technical Reference},
	url = {http://www.dealii.org}
}
@article{AdaptiveMesh,
	author = {Bangerth, Wolfgang and Burstedde, Carsten and Heister, Timo and Kronbichler, Martin},
	title = {Algorithms and Data Structures for Massively Parallel Generic Adaptive Finite Element Codes},
	journal = {ACM Trans. Math. Softw.},
	issue_date = {December 2011},
	volume = {38},
	number = {2},
	month = jan,
	year = {2012},
	issn = {0098-3500},
	pages = {14:1--14:28},
	articleno = {14},
	numpages = {28},
	url = {http://doi.acm.org/10.1145/2049673.2049678},
	doi = {10.1145/2049673.2049678},
	acmid = {2049678},
	publisher = {ACM},
	address = {New York, NY, USA},
	keywords = {Adaptive mesh refinement, object-orientation, parallel algorithms, software design},
} 

@article{ErrorInd,
	author = {Kelly, D. W. and De S. R. Gago, J. P. and Zienkiewicz, O. C. and Babuska, I.},
	title = {A posteriori error analysis and adaptive processes in the finite element method: Part Iâ€”error analysis},
	journal = {International Journal for Numerical Methods in Engineering},
	volume = {19},
	number = {11},
	pages = {1593-1619},
	doi = {10.1002/nme.1620191103},
}

@book{Precond,
	author = {Howard Elman and David Silvester and Andy Wathen},
	title = {Finite Elements and Fast Iterative Solvers with Applications in Incompressible Fluid Dynamics},
	publisher = {Oxford University Press},
	year = 2005
}

