@misc{DealIITut,
	author = {W. Bangerth and T. Heister and G. Kanschat},
	title = {Deal.II Differential Equations Analysis Library, Tutorial programs},
	url = {https://dealii.org/developer/doxygen/deal.II/Tutorial.html}
 }
